@book{greenberg,
    author = "Michael D. Greenberg",
    title = "Applications of Green's Functions in Science and Engineering",
    year = "2015",
    publisher = "Dover Publications",
    address = "Mineola, NY"
}

@book{roach,
    author = "G. F. Roach",
    title = "Green's Functions",
    year = "1982",
    publisher = "Cambridge University Press",
    address = "Cambridge, United Kingdom"
}
